<?xml version="1.0" encoding="utf-8"?>
<Document xmlns="urn:iso:std:iso:20022:tech:xsd:pain.008.003.02" xmlns:xsi="http://www.w3.org/2001/XMLSchema-instance" xsi:schemaLocation="urn:iso:std:iso:20022:tech:xsd:pain.008.003.02 pain.008.003.02.xsd">
  <CstmrDrctDbtInitn>
    <GrpHdr>
      <MsgId>GENODEF1PATSID5-20190502154442</MsgId>
      <CreDtTm>2019-05-02T15:44:42</CreDtTm>
      <NbOfTxs>42</NbOfTxs>
      <CtrlSum>1384.00</CtrlSum>
      <InitgPty>
        <Nm>Tabea Ludwig</Nm>
      </InitgPty>
    </GrpHdr>
    <PmtInf>
      <PmtInfId>SID5D20190502T154442</PmtInfId>
      <PmtMtd>DD</PmtMtd>
      <BtchBookg>true</BtchBookg>
      <NbOfTxs>42</NbOfTxs>
      <CtrlSum>1384.00</CtrlSum>
      <PmtTpInf>
        <SvcLvl>
          <Cd>SEPA</Cd>
        </SvcLvl>
        <LclInstrm>
          <Cd>CORE</Cd>
        </LclInstrm>
        <SeqTp>RCUR</SeqTp>
      </PmtTpInf>
      <ReqdColltnDt>2019-05-07</ReqdColltnDt>
      <Cdtr>
        <Nm>wasmitherz e.V.</Nm>
      </Cdtr>
      <CdtrAcct>
        <Id>
          <IBAN>DE10251933311123168800</IBAN>
        </Id>
      </CdtrAcct>
      <CdtrAgt>
        <FinInstnId>
          <BIC>GENODEF1PAT</BIC>
        </FinInstnId>
      </CdtrAgt>
      <ChrgBr>SLEV</ChrgBr>
      <CdtrSchmeId>
        <Id>
          <PrvtId>
            <Othr>
              <Id>DE75ZZZ00002118748</Id>
              <SchmeNm>
                <Prtry>SEPA</Prtry>
              </SchmeNm>
            </Othr>
          </PrvtId>
        </Id>
      </CdtrSchmeId>
      <DrctDbtTxInf>
        <PmtId>
          <EndToEndId>ID133D20190502T154442</EndToEndId>
        </PmtId>
        <InstdAmt Ccy="EUR">35.00</InstdAmt>
        <DrctDbtTx>
          <MndtRltdInf>
            <MndtId>1</MndtId>
            <DtOfSgntr>2019-02-06</DtOfSgntr>
            <AmdmntInd>false</AmdmntInd>
          </MndtRltdInf>
        </DrctDbtTx>
        <DbtrAgt>
          <FinInstnId>
            <BIC>NOLADE21RDB</BIC>
          </FinInstnId>
        </DbtrAgt>
        <Dbtr>
          <Nm>Ture Claussen</Nm>
        </Dbtr>
        <DbtrAcct>
          <Id>
            <IBAN>DE98214500000101147282</IBAN>
          </Id>
        </DbtrAcct>
        <RmtInf>
          <Ustrd>Förderbeitrag Mai</Ustrd>
        </RmtInf>
      </DrctDbtTxInf>
      <DrctDbtTxInf>
        <PmtId>
          <EndToEndId>ID134D20190502T154442</EndToEndId>
        </PmtId>
        <InstdAmt Ccy="EUR">50.00</InstdAmt>
        <DrctDbtTx>
          <MndtRltdInf>
            <MndtId>4</MndtId>
            <DtOfSgntr>2019-02-06</DtOfSgntr>
            <AmdmntInd>false</AmdmntInd>
          </MndtRltdInf>
        </DrctDbtTx>
        <DbtrAgt>
          <FinInstnId>
            <BIC>SPKHDE2HXXX</BIC>
          </FinInstnId>
        </DbtrAgt>
        <Dbtr>
          <Nm>Marlo Zirr</Nm>
        </Dbtr>
        <DbtrAcct>
          <Id>
            <IBAN>DE03250501801911238965</IBAN>
          </Id>
        </DbtrAcct>
        <RmtInf>
          <Ustrd>Förderbeitrag Mai</Ustrd>
        </RmtInf>
      </DrctDbtTxInf>
      <DrctDbtTxInf>
        <PmtId>
          <EndToEndId>ID135D20190502T154442</EndToEndId>
        </PmtId>
        <InstdAmt Ccy="EUR">5.00</InstdAmt>
        <DrctDbtTx>
          <MndtRltdInf>
            <MndtId>5</MndtId>
            <DtOfSgntr>2019-02-06</DtOfSgntr>
            <AmdmntInd>false</AmdmntInd>
          </MndtRltdInf>
        </DrctDbtTx>
        <DbtrAgt>
          <FinInstnId>
            <BIC>WELADED1MIN</BIC>
          </FinInstnId>
        </DbtrAgt>
        <Dbtr>
          <Nm>Patrick Schnabel</Nm>
        </Dbtr>
        <DbtrAcct>
          <Id>
            <IBAN>DE56490501010031694383</IBAN>
          </Id>
        </DbtrAcct>
        <RmtInf>
          <Ustrd>Förderbeitrag Mai</Ustrd>
        </RmtInf>
      </DrctDbtTxInf>
      <DrctDbtTxInf>
        <PmtId>
          <EndToEndId>ID136D20190502T154442</EndToEndId>
        </PmtId>
        <InstdAmt Ccy="EUR">50.00</InstdAmt>
        <DrctDbtTx>
          <MndtRltdInf>
            <MndtId>10</MndtId>
            <DtOfSgntr>2019-02-08</DtOfSgntr>
            <AmdmntInd>false</AmdmntInd>
          </MndtRltdInf>
        </DrctDbtTx>
        <DbtrAgt>
          <FinInstnId>
            <BIC>GENODEF1PAT</BIC>
          </FinInstnId>
        </DbtrAgt>
        <Dbtr>
          <Nm>Tabea Ludwig</Nm>
        </Dbtr>
        <DbtrAcct>
          <Id>
            <IBAN>DE19251933310806574800</IBAN>
          </Id>
        </DbtrAcct>
        <RmtInf>
          <Ustrd>Förderbeitrag Mai</Ustrd>
        </RmtInf>
      </DrctDbtTxInf>
      <DrctDbtTxInf>
        <PmtId>
          <EndToEndId>ID137D20190502T154442</EndToEndId>
        </PmtId>
        <InstdAmt Ccy="EUR">30.00</InstdAmt>
        <DrctDbtTx>
          <MndtRltdInf>
            <MndtId>11</MndtId>
            <DtOfSgntr>2019-02-10</DtOfSgntr>
            <AmdmntInd>false</AmdmntInd>
          </MndtRltdInf>
        </DrctDbtTx>
        <DbtrAgt>
          <FinInstnId>
            <BIC>SPKHDE2HXXX</BIC>
          </FinInstnId>
        </DbtrAgt>
        <Dbtr>
          <Nm>Hashim Georg Ziegler</Nm>
        </Dbtr>
        <DbtrAcct>
          <Id>
            <IBAN>DE63250501800029539153</IBAN>
          </Id>
        </DbtrAcct>
        <RmtInf>
          <Ustrd>Förderbeitrag Mai</Ustrd>
        </RmtInf>
      </DrctDbtTxInf>
      <DrctDbtTxInf>
        <PmtId>
          <EndToEndId>ID138D20190502T154442</EndToEndId>
        </PmtId>
        <InstdAmt Ccy="EUR">20.00</InstdAmt>
        <DrctDbtTx>
          <MndtRltdInf>
            <MndtId>12</MndtId>
            <DtOfSgntr>2019-02-10</DtOfSgntr>
            <AmdmntInd>false</AmdmntInd>
          </MndtRltdInf>
        </DrctDbtTx>
        <DbtrAgt>
          <FinInstnId>
            <BIC>VOHADE2H</BIC>
          </FinInstnId>
        </DbtrAgt>
        <Dbtr>
          <Nm>Chantale Michele Gasior</Nm>
        </Dbtr>
        <DbtrAcct>
          <Id>
            <IBAN>DE49251900010736685000</IBAN>
          </Id>
        </DbtrAcct>
        <RmtInf>
          <Ustrd>Förderbeitrag Mai</Ustrd>
        </RmtInf>
      </DrctDbtTxInf>
      <DrctDbtTxInf>
        <PmtId>
          <EndToEndId>ID139D20190502T154442</EndToEndId>
        </PmtId>
        <InstdAmt Ccy="EUR">5.00</InstdAmt>
        <DrctDbtTx>
          <MndtRltdInf>
            <MndtId>13</MndtId>
            <DtOfSgntr>2019-02-10</DtOfSgntr>
            <AmdmntInd>false</AmdmntInd>
          </MndtRltdInf>
        </DrctDbtTx>
        <DbtrAgt>
          <FinInstnId>
            <BIC>BYLADEM1001</BIC>
          </FinInstnId>
        </DbtrAgt>
        <Dbtr>
          <Nm>Marcel Czichy</Nm>
        </Dbtr>
        <DbtrAcct>
          <Id>
            <IBAN>DE70120300001059994697</IBAN>
          </Id>
        </DbtrAcct>
        <RmtInf>
          <Ustrd>Förderbeitrag Mai</Ustrd>
        </RmtInf>
      </DrctDbtTxInf>
      <DrctDbtTxInf>
        <PmtId>
          <EndToEndId>ID140D20190502T154442</EndToEndId>
        </PmtId>
        <InstdAmt Ccy="EUR">10.00</InstdAmt>
        <DrctDbtTx>
          <MndtRltdInf>
            <MndtId>14</MndtId>
            <DtOfSgntr>2019-02-10</DtOfSgntr>
            <AmdmntInd>false</AmdmntInd>
          </MndtRltdInf>
        </DrctDbtTx>
        <DbtrAgt>
          <FinInstnId>
            <BIC>SPKHDE2HXXX</BIC>
          </FinInstnId>
        </DbtrAgt>
        <Dbtr>
          <Nm>Laura Potthoff</Nm>
        </Dbtr>
        <DbtrAcct>
          <Id>
            <IBAN>DE14250501801911998471</IBAN>
          </Id>
        </DbtrAcct>
        <RmtInf>
          <Ustrd>Förderbeitrag Mai</Ustrd>
        </RmtInf>
      </DrctDbtTxInf>
      <DrctDbtTxInf>
        <PmtId>
          <EndToEndId>ID141D20190502T154442</EndToEndId>
        </PmtId>
        <InstdAmt Ccy="EUR">20.00</InstdAmt>
        <DrctDbtTx>
          <MndtRltdInf>
            <MndtId>16</MndtId>
            <DtOfSgntr>2019-02-14</DtOfSgntr>
            <AmdmntInd>false</AmdmntInd>
          </MndtRltdInf>
        </DrctDbtTx>
        <DbtrAgt>
          <FinInstnId>
            <BIC>SPKHDE2HXXX</BIC>
          </FinInstnId>
        </DbtrAgt>
        <Dbtr>
          <Nm>Nikola Plümer</Nm>
        </Dbtr>
        <DbtrAcct>
          <Id>
            <IBAN>DE69250501801904856535</IBAN>
          </Id>
        </DbtrAcct>
        <RmtInf>
          <Ustrd>Förderbeitrag Mai</Ustrd>
        </RmtInf>
      </DrctDbtTxInf>
      <DrctDbtTxInf>
        <PmtId>
          <EndToEndId>ID142D20190502T154442</EndToEndId>
        </PmtId>
        <InstdAmt Ccy="EUR">117.00</InstdAmt>
        <DrctDbtTx>
          <MndtRltdInf>
            <MndtId>17</MndtId>
            <DtOfSgntr>2019-02-14</DtOfSgntr>
            <AmdmntInd>false</AmdmntInd>
          </MndtRltdInf>
        </DrctDbtTx>
        <DbtrAgt>
          <FinInstnId>
            <BIC>GENODEM1GLS</BIC>
          </FinInstnId>
        </DbtrAgt>
        <Dbtr>
          <Nm>Elena Schönsee</Nm>
        </Dbtr>
        <DbtrAcct>
          <Id>
            <IBAN>DE65430609674099085400</IBAN>
          </Id>
        </DbtrAcct>
        <RmtInf>
          <Ustrd>Förderbeitrag Mai</Ustrd>
        </RmtInf>
      </DrctDbtTxInf>
      <DrctDbtTxInf>
        <PmtId>
          <EndToEndId>ID143D20190502T154442</EndToEndId>
        </PmtId>
        <InstdAmt Ccy="EUR">117.00</InstdAmt>
        <DrctDbtTx>
          <MndtRltdInf>
            <MndtId>18</MndtId>
            <DtOfSgntr>2019-02-14</DtOfSgntr>
            <AmdmntInd>false</AmdmntInd>
          </MndtRltdInf>
        </DrctDbtTx>
        <DbtrAgt>
          <FinInstnId>
            <BIC>GENODEM1GLS</BIC>
          </FinInstnId>
        </DbtrAgt>
        <Dbtr>
          <Nm>Charleen Dröse</Nm>
        </Dbtr>
        <DbtrAcct>
          <Id>
            <IBAN>DE65430609674099085400</IBAN>
          </Id>
        </DbtrAcct>
        <RmtInf>
          <Ustrd>Förderbeitrag Mai</Ustrd>
        </RmtInf>
      </DrctDbtTxInf>
      <DrctDbtTxInf>
        <PmtId>
          <EndToEndId>ID144D20190502T154442</EndToEndId>
        </PmtId>
        <InstdAmt Ccy="EUR">70.00</InstdAmt>
        <DrctDbtTx>
          <MndtRltdInf>
            <MndtId>19</MndtId>
            <DtOfSgntr>2019-02-14</DtOfSgntr>
            <AmdmntInd>false</AmdmntInd>
          </MndtRltdInf>
        </DrctDbtTx>
        <DbtrAgt>
          <FinInstnId>
            <BIC>WELADED1RHD</BIC>
          </FinInstnId>
        </DbtrAgt>
        <Dbtr>
          <Nm>Jens Borcherding</Nm>
        </Dbtr>
        <DbtrAcct>
          <Id>
            <IBAN>DE02490510650003533833</IBAN>
          </Id>
        </DbtrAcct>
        <RmtInf>
          <Ustrd>Förderbeitrag Mai</Ustrd>
        </RmtInf>
      </DrctDbtTxInf>
      <DrctDbtTxInf>
        <PmtId>
          <EndToEndId>ID145D20190502T154442</EndToEndId>
        </PmtId>
        <InstdAmt Ccy="EUR">117.00</InstdAmt>
        <DrctDbtTx>
          <MndtRltdInf>
            <MndtId>20</MndtId>
            <DtOfSgntr>2019-02-15</DtOfSgntr>
            <AmdmntInd>false</AmdmntInd>
          </MndtRltdInf>
        </DrctDbtTx>
        <DbtrAgt>
          <FinInstnId>
            <BIC>COBADEHD055</BIC>
          </FinInstnId>
        </DbtrAgt>
        <Dbtr>
          <Nm>Linda Hentschel</Nm>
        </Dbtr>
        <DbtrAcct>
          <Id>
            <IBAN>DE60200411550660939000</IBAN>
          </Id>
        </DbtrAcct>
        <RmtInf>
          <Ustrd>Förderbeitrag Mai</Ustrd>
        </RmtInf>
      </DrctDbtTxInf>
      <DrctDbtTxInf>
        <PmtId>
          <EndToEndId>ID146D20190502T154442</EndToEndId>
        </PmtId>
        <InstdAmt Ccy="EUR">50.00</InstdAmt>
        <DrctDbtTx>
          <MndtRltdInf>
            <MndtId>22</MndtId>
            <DtOfSgntr>2019-02-16</DtOfSgntr>
            <AmdmntInd>false</AmdmntInd>
          </MndtRltdInf>
        </DrctDbtTx>
        <DbtrAgt>
          <FinInstnId>
            <BIC>INGDDEFF</BIC>
          </FinInstnId>
        </DbtrAgt>
        <Dbtr>
          <Nm>swantje Osburg</Nm>
        </Dbtr>
        <DbtrAcct>
          <Id>
            <IBAN>DE33500105175409488326</IBAN>
          </Id>
        </DbtrAcct>
        <RmtInf>
          <Ustrd>Förderbeitrag Mai</Ustrd>
        </RmtInf>
      </DrctDbtTxInf>
      <DrctDbtTxInf>
        <PmtId>
          <EndToEndId>ID147D20190502T154442</EndToEndId>
        </PmtId>
        <InstdAmt Ccy="EUR">30.00</InstdAmt>
        <DrctDbtTx>
          <MndtRltdInf>
            <MndtId>23</MndtId>
            <DtOfSgntr>2019-02-17</DtOfSgntr>
            <AmdmntInd>false</AmdmntInd>
          </MndtRltdInf>
        </DrctDbtTx>
        <DbtrAgt>
          <FinInstnId>
            <BIC>BYLADEM1001</BIC>
          </FinInstnId>
        </DbtrAgt>
        <Dbtr>
          <Nm>Holger Lehmann</Nm>
        </Dbtr>
        <DbtrAcct>
          <Id>
            <IBAN>DE65120300000001887553</IBAN>
          </Id>
        </DbtrAcct>
        <RmtInf>
          <Ustrd>Förderbeitrag Mai</Ustrd>
        </RmtInf>
      </DrctDbtTxInf>
      <DrctDbtTxInf>
        <PmtId>
          <EndToEndId>ID148D20190502T154442</EndToEndId>
        </PmtId>
        <InstdAmt Ccy="EUR">30.00</InstdAmt>
        <DrctDbtTx>
          <MndtRltdInf>
            <MndtId>24</MndtId>
            <DtOfSgntr>2019-02-18</DtOfSgntr>
            <AmdmntInd>false</AmdmntInd>
          </MndtRltdInf>
        </DrctDbtTx>
        <DbtrAgt>
          <FinInstnId>
            <BIC>BRLADE21VER</BIC>
          </FinInstnId>
        </DbtrAgt>
        <Dbtr>
          <Nm>Jana Marie Holtfreter</Nm>
        </Dbtr>
        <DbtrAcct>
          <Id>
            <IBAN>DE83291526700020071122</IBAN>
          </Id>
        </DbtrAcct>
        <RmtInf>
          <Ustrd>Förderbeitrag Mai</Ustrd>
        </RmtInf>
      </DrctDbtTxInf>
      <DrctDbtTxInf>
        <PmtId>
          <EndToEndId>ID149D20190502T154442</EndToEndId>
        </PmtId>
        <InstdAmt Ccy="EUR">30.00</InstdAmt>
        <DrctDbtTx>
          <MndtRltdInf>
            <MndtId>25</MndtId>
            <DtOfSgntr>2019-02-19</DtOfSgntr>
            <AmdmntInd>false</AmdmntInd>
          </MndtRltdInf>
        </DrctDbtTx>
        <DbtrAgt>
          <FinInstnId>
            <BIC>NOLADE21CEL</BIC>
          </FinInstnId>
        </DbtrAgt>
        <Dbtr>
          <Nm>Ole Böhl</Nm>
        </Dbtr>
        <DbtrAcct>
          <Id>
            <IBAN>DE97257500010091232207</IBAN>
          </Id>
        </DbtrAcct>
        <RmtInf>
          <Ustrd>Förderbeitrag Mai</Ustrd>
        </RmtInf>
      </DrctDbtTxInf>
      <DrctDbtTxInf>
        <PmtId>
          <EndToEndId>ID150D20190502T154442</EndToEndId>
        </PmtId>
        <InstdAmt Ccy="EUR">10.00</InstdAmt>
        <DrctDbtTx>
          <MndtRltdInf>
            <MndtId>26</MndtId>
            <DtOfSgntr>2019-02-20</DtOfSgntr>
            <AmdmntInd>false</AmdmntInd>
          </MndtRltdInf>
        </DrctDbtTx>
        <DbtrAgt>
          <FinInstnId>
            <BIC>SPKHDE2HXXX</BIC>
          </FinInstnId>
        </DbtrAgt>
        <Dbtr>
          <Nm>Yvette Köhn</Nm>
        </Dbtr>
        <DbtrAcct>
          <Id>
            <IBAN>DE25250501800041148118</IBAN>
          </Id>
        </DbtrAcct>
        <RmtInf>
          <Ustrd>Förderbeitrag Mai</Ustrd>
        </RmtInf>
      </DrctDbtTxInf>
      <DrctDbtTxInf>
        <PmtId>
          <EndToEndId>ID151D20190502T154442</EndToEndId>
        </PmtId>
        <InstdAmt Ccy="EUR">5.00</InstdAmt>
        <DrctDbtTx>
          <MndtRltdInf>
            <MndtId>27</MndtId>
            <DtOfSgntr>2019-02-20</DtOfSgntr>
            <AmdmntInd>false</AmdmntInd>
          </MndtRltdInf>
        </DrctDbtTx>
        <DbtrAgt>
          <FinInstnId>
            <BIC>DRESDEFF270</BIC>
          </FinInstnId>
        </DbtrAgt>
        <Dbtr>
          <Nm>Julia Bosse</Nm>
        </Dbtr>
        <DbtrAcct>
          <Id>
            <IBAN>DE21270800600118504400</IBAN>
          </Id>
        </DbtrAcct>
        <RmtInf>
          <Ustrd>Förderbeitrag Mai</Ustrd>
        </RmtInf>
      </DrctDbtTxInf>
      <DrctDbtTxInf>
        <PmtId>
          <EndToEndId>ID152D20190502T154442</EndToEndId>
        </PmtId>
        <InstdAmt Ccy="EUR">5.00</InstdAmt>
        <DrctDbtTx>
          <MndtRltdInf>
            <MndtId>28</MndtId>
            <DtOfSgntr>2019-02-20</DtOfSgntr>
            <AmdmntInd>false</AmdmntInd>
          </MndtRltdInf>
        </DrctDbtTx>
        <DbtrAgt>
          <FinInstnId>
            <BIC>GENODEM1GLS</BIC>
          </FinInstnId>
        </DbtrAgt>
        <Dbtr>
          <Nm>Lars Loop</Nm>
        </Dbtr>
        <DbtrAcct>
          <Id>
            <IBAN>DE30430609672023597400</IBAN>
          </Id>
        </DbtrAcct>
        <RmtInf>
          <Ustrd>Förderbeitrag Mai</Ustrd>
        </RmtInf>
      </DrctDbtTxInf>
      <DrctDbtTxInf>
        <PmtId>
          <EndToEndId>ID153D20190502T154442</EndToEndId>
        </PmtId>
        <InstdAmt Ccy="EUR">5.00</InstdAmt>
        <DrctDbtTx>
          <MndtRltdInf>
            <MndtId>29</MndtId>
            <DtOfSgntr>2019-02-20</DtOfSgntr>
            <AmdmntInd>false</AmdmntInd>
          </MndtRltdInf>
        </DrctDbtTx>
        <DbtrAgt>
          <FinInstnId>
            <BIC>PBNKDEFFXXX</BIC>
          </FinInstnId>
        </DbtrAgt>
        <Dbtr>
          <Nm>Susanne Benze</Nm>
        </Dbtr>
        <DbtrAcct>
          <Id>
            <IBAN>DE09100100100934174119</IBAN>
          </Id>
        </DbtrAcct>
        <RmtInf>
          <Ustrd>Förderbeitrag Mai</Ustrd>
        </RmtInf>
      </DrctDbtTxInf>
      <DrctDbtTxInf>
        <PmtId>
          <EndToEndId>ID154D20190502T154442</EndToEndId>
        </PmtId>
        <InstdAmt Ccy="EUR">20.00</InstdAmt>
        <DrctDbtTx>
          <MndtRltdInf>
            <MndtId>31</MndtId>
            <DtOfSgntr>2019-02-28</DtOfSgntr>
            <AmdmntInd>false</AmdmntInd>
          </MndtRltdInf>
        </DrctDbtTx>
        <DbtrAgt>
          <FinInstnId>
            <BIC>SPKHDE2HXXX</BIC>
          </FinInstnId>
        </DbtrAgt>
        <Dbtr>
          <Nm>Hannelore Ziegler-Wehrmann</Nm>
        </Dbtr>
        <DbtrAcct>
          <Id>
            <IBAN>DE71250501800014601591</IBAN>
          </Id>
        </DbtrAcct>
        <RmtInf>
          <Ustrd>Förderbeitrag Mai</Ustrd>
        </RmtInf>
      </DrctDbtTxInf>
      <DrctDbtTxInf>
        <PmtId>
          <EndToEndId>ID155D20190502T154442</EndToEndId>
        </PmtId>
        <InstdAmt Ccy="EUR">25.00</InstdAmt>
        <DrctDbtTx>
          <MndtRltdInf>
            <MndtId>32</MndtId>
            <DtOfSgntr>2019-03-01</DtOfSgntr>
            <AmdmntInd>false</AmdmntInd>
          </MndtRltdInf>
        </DrctDbtTx>
        <DbtrAgt>
          <FinInstnId>
            <BIC>HELADEF1822</BIC>
          </FinInstnId>
        </DbtrAgt>
        <Dbtr>
          <Nm>Kerstin Dämmig</Nm>
        </Dbtr>
        <DbtrAcct>
          <Id>
            <IBAN>DE03500502011235233977</IBAN>
          </Id>
        </DbtrAcct>
        <RmtInf>
          <Ustrd>Förderbeitrag Mai</Ustrd>
        </RmtInf>
      </DrctDbtTxInf>
      <DrctDbtTxInf>
        <PmtId>
          <EndToEndId>ID156D20190502T154442</EndToEndId>
        </PmtId>
        <InstdAmt Ccy="EUR">10.00</InstdAmt>
        <DrctDbtTx>
          <MndtRltdInf>
            <MndtId>33</MndtId>
            <DtOfSgntr>2019-03-01</DtOfSgntr>
            <AmdmntInd>false</AmdmntInd>
          </MndtRltdInf>
        </DrctDbtTx>
        <DbtrAgt>
          <FinInstnId>
            <BIC>COBADEFFXXX</BIC>
          </FinInstnId>
        </DbtrAgt>
        <Dbtr>
          <Nm>Thomas Gehrmann</Nm>
        </Dbtr>
        <DbtrAcct>
          <Id>
            <IBAN>DE83250400660150478600</IBAN>
          </Id>
        </DbtrAcct>
        <RmtInf>
          <Ustrd>Förderbeitrag Mai</Ustrd>
        </RmtInf>
      </DrctDbtTxInf>
      <DrctDbtTxInf>
        <PmtId>
          <EndToEndId>ID157D20190502T154442</EndToEndId>
        </PmtId>
        <InstdAmt Ccy="EUR">10.00</InstdAmt>
        <DrctDbtTx>
          <MndtRltdInf>
            <MndtId>34</MndtId>
            <DtOfSgntr>2019-03-03</DtOfSgntr>
            <AmdmntInd>false</AmdmntInd>
          </MndtRltdInf>
        </DrctDbtTx>
        <DbtrAgt>
          <FinInstnId>
            <BIC>SPKHDE2HXXX</BIC>
          </FinInstnId>
        </DbtrAgt>
        <Dbtr>
          <Nm>Isabell Lutze</Nm>
        </Dbtr>
        <DbtrAcct>
          <Id>
            <IBAN>DE93250501801911707795</IBAN>
          </Id>
        </DbtrAcct>
        <RmtInf>
          <Ustrd>Förderbeitrag Mai</Ustrd>
        </RmtInf>
      </DrctDbtTxInf>
      <DrctDbtTxInf>
        <PmtId>
          <EndToEndId>ID158D20190502T154442</EndToEndId>
        </PmtId>
        <InstdAmt Ccy="EUR">5.00</InstdAmt>
        <DrctDbtTx>
          <MndtRltdInf>
            <MndtId>35</MndtId>
            <DtOfSgntr>2019-03-04</DtOfSgntr>
            <AmdmntInd>false</AmdmntInd>
          </MndtRltdInf>
        </DrctDbtTx>
        <DbtrAgt>
          <FinInstnId>
            <BIC>INGDDEFFXXX</BIC>
          </FinInstnId>
        </DbtrAgt>
        <Dbtr>
          <Nm>Annette Tscherniak</Nm>
        </Dbtr>
        <DbtrAcct>
          <Id>
            <IBAN>DE16500105175422684900</IBAN>
          </Id>
        </DbtrAcct>
        <RmtInf>
          <Ustrd>Förderbeitrag Mai</Ustrd>
        </RmtInf>
      </DrctDbtTxInf>
      <DrctDbtTxInf>
        <PmtId>
          <EndToEndId>ID159D20190502T154442</EndToEndId>
        </PmtId>
        <InstdAmt Ccy="EUR">5.00</InstdAmt>
        <DrctDbtTx>
          <MndtRltdInf>
            <MndtId>36</MndtId>
            <DtOfSgntr>2019-03-04</DtOfSgntr>
            <AmdmntInd>false</AmdmntInd>
          </MndtRltdInf>
        </DrctDbtTx>
        <DbtrAgt>
          <FinInstnId>
            <BIC>INGDDEFFXXX</BIC>
          </FinInstnId>
        </DbtrAgt>
        <Dbtr>
          <Nm>Philipp Bode</Nm>
        </Dbtr>
        <DbtrAcct>
          <Id>
            <IBAN>DE16500105175422684900</IBAN>
          </Id>
        </DbtrAcct>
        <RmtInf>
          <Ustrd>Förderbeitrag Mai</Ustrd>
        </RmtInf>
      </DrctDbtTxInf>
      <DrctDbtTxInf>
        <PmtId>
          <EndToEndId>ID160D20190502T154442</EndToEndId>
        </PmtId>
        <InstdAmt Ccy="EUR">5.00</InstdAmt>
        <DrctDbtTx>
          <MndtRltdInf>
            <MndtId>37</MndtId>
            <DtOfSgntr>2019-03-04</DtOfSgntr>
            <AmdmntInd>false</AmdmntInd>
          </MndtRltdInf>
        </DrctDbtTx>
        <DbtrAgt>
          <FinInstnId>
            <BIC>GENODEM1GLS</BIC>
          </FinInstnId>
        </DbtrAgt>
        <Dbtr>
          <Nm>Marie Elisa Leese</Nm>
        </Dbtr>
        <DbtrAcct>
          <Id>
            <IBAN>DE08430609674048049100</IBAN>
          </Id>
        </DbtrAcct>
        <RmtInf>
          <Ustrd>Förderbeitrag Mai</Ustrd>
        </RmtInf>
      </DrctDbtTxInf>
      <DrctDbtTxInf>
        <PmtId>
          <EndToEndId>ID161D20190502T154442</EndToEndId>
        </PmtId>
        <InstdAmt Ccy="EUR">30.00</InstdAmt>
        <DrctDbtTx>
          <MndtRltdInf>
            <MndtId>38</MndtId>
            <DtOfSgntr>2019-03-10</DtOfSgntr>
            <AmdmntInd>false</AmdmntInd>
          </MndtRltdInf>
        </DrctDbtTx>
        <DbtrAgt>
          <FinInstnId>
            <BIC>SPKHDE2HXXX</BIC>
          </FinInstnId>
        </DbtrAgt>
        <Dbtr>
          <Nm>Tilla Theiss</Nm>
        </Dbtr>
        <DbtrAcct>
          <Id>
            <IBAN>DE05250501801912197871</IBAN>
          </Id>
        </DbtrAcct>
        <RmtInf>
          <Ustrd>Förderbeitrag Mai</Ustrd>
        </RmtInf>
      </DrctDbtTxInf>
      <DrctDbtTxInf>
        <PmtId>
          <EndToEndId>ID162D20190502T154442</EndToEndId>
        </PmtId>
        <InstdAmt Ccy="EUR">10.00</InstdAmt>
        <DrctDbtTx>
          <MndtRltdInf>
            <MndtId>39</MndtId>
            <DtOfSgntr>2019-03-11</DtOfSgntr>
            <AmdmntInd>false</AmdmntInd>
          </MndtRltdInf>
        </DrctDbtTx>
        <DbtrAgt>
          <FinInstnId>
            <BIC>SLZODE22XXX</BIC>
          </FinInstnId>
        </DbtrAgt>
        <Dbtr>
          <Nm>Sharina Meiners</Nm>
        </Dbtr>
        <DbtrAcct>
          <Id>
            <IBAN>DE63280501000090207366</IBAN>
          </Id>
        </DbtrAcct>
        <RmtInf>
          <Ustrd>Förderbeitrag Mai</Ustrd>
        </RmtInf>
      </DrctDbtTxInf>
      <DrctDbtTxInf>
        <PmtId>
          <EndToEndId>ID163D20190502T154442</EndToEndId>
        </PmtId>
        <InstdAmt Ccy="EUR">10.00</InstdAmt>
        <DrctDbtTx>
          <MndtRltdInf>
            <MndtId>40</MndtId>
            <DtOfSgntr>2019-03-13</DtOfSgntr>
            <AmdmntInd>false</AmdmntInd>
          </MndtRltdInf>
        </DrctDbtTx>
        <DbtrAgt>
          <FinInstnId>
            <BIC>BYLADEM1001</BIC>
          </FinInstnId>
        </DbtrAgt>
        <Dbtr>
          <Nm>Philipp Slawojewski</Nm>
        </Dbtr>
        <DbtrAcct>
          <Id>
            <IBAN>DE79120300000017704024</IBAN>
          </Id>
        </DbtrAcct>
        <RmtInf>
          <Ustrd>Förderbeitrag Mai</Ustrd>
        </RmtInf>
      </DrctDbtTxInf>
      <DrctDbtTxInf>
        <PmtId>
          <EndToEndId>ID164D20190502T154442</EndToEndId>
        </PmtId>
        <InstdAmt Ccy="EUR">10.00</InstdAmt>
        <DrctDbtTx>
          <MndtRltdInf>
            <MndtId>41</MndtId>
            <DtOfSgntr>2019-03-14</DtOfSgntr>
            <AmdmntInd>false</AmdmntInd>
          </MndtRltdInf>
        </DrctDbtTx>
        <DbtrAgt>
          <FinInstnId>
            <BIC>NOLADE21GOE</BIC>
          </FinInstnId>
        </DbtrAgt>
        <Dbtr>
          <Nm>Elaine Serrao Twisterling</Nm>
        </Dbtr>
        <DbtrAcct>
          <Id>
            <IBAN>DE34260500010156350761</IBAN>
          </Id>
        </DbtrAcct>
        <RmtInf>
          <Ustrd>Förderbeitrag Mai</Ustrd>
        </RmtInf>
      </DrctDbtTxInf>
      <DrctDbtTxInf>
        <PmtId>
          <EndToEndId>ID165D20190502T154442</EndToEndId>
        </PmtId>
        <InstdAmt Ccy="EUR">5.00</InstdAmt>
        <DrctDbtTx>
          <MndtRltdInf>
            <MndtId>42</MndtId>
            <DtOfSgntr>2019-03-17</DtOfSgntr>
            <AmdmntInd>false</AmdmntInd>
          </MndtRltdInf>
        </DrctDbtTx>
        <DbtrAgt>
          <FinInstnId>
            <BIC>GENODEM1GLS</BIC>
          </FinInstnId>
        </DbtrAgt>
        <Dbtr>
          <Nm>Simon Hötten</Nm>
        </Dbtr>
        <DbtrAcct>
          <Id>
            <IBAN>DE43430609674031382900</IBAN>
          </Id>
        </DbtrAcct>
        <RmtInf>
          <Ustrd>Förderbeitrag Mai</Ustrd>
        </RmtInf>
      </DrctDbtTxInf>
      <DrctDbtTxInf>
        <PmtId>
          <EndToEndId>ID166D20190502T154442</EndToEndId>
        </PmtId>
        <InstdAmt Ccy="EUR">20.00</InstdAmt>
        <DrctDbtTx>
          <MndtRltdInf>
            <MndtId>43</MndtId>
            <DtOfSgntr>2019-03-25</DtOfSgntr>
            <AmdmntInd>false</AmdmntInd>
          </MndtRltdInf>
        </DrctDbtTx>
        <DbtrAgt>
          <FinInstnId>
            <BIC>GENODEF1DVR</BIC>
          </FinInstnId>
        </DbtrAgt>
        <Dbtr>
          <Nm>Levy Anhalt</Nm>
        </Dbtr>
        <DbtrAcct>
          <Id>
            <IBAN>DE36218900220002728206</IBAN>
          </Id>
        </DbtrAcct>
        <RmtInf>
          <Ustrd>Förderbeitrag Mai</Ustrd>
        </RmtInf>
      </DrctDbtTxInf>
      <DrctDbtTxInf>
        <PmtId>
          <EndToEndId>ID167D20190502T154442</EndToEndId>
        </PmtId>
        <InstdAmt Ccy="EUR">5.00</InstdAmt>
        <DrctDbtTx>
          <MndtRltdInf>
            <MndtId>44</MndtId>
            <DtOfSgntr>2019-03-25</DtOfSgntr>
            <AmdmntInd>false</AmdmntInd>
          </MndtRltdInf>
        </DrctDbtTx>
        <DbtrAgt>
          <FinInstnId>
            <BIC>INGDDEFFXXX</BIC>
          </FinInstnId>
        </DbtrAgt>
        <Dbtr>
          <Nm>Arik Julian Freitag</Nm>
        </Dbtr>
        <DbtrAcct>
          <Id>
            <IBAN>DE12500105175424801609</IBAN>
          </Id>
        </DbtrAcct>
        <RmtInf>
          <Ustrd>Förderbeitrag Mai</Ustrd>
        </RmtInf>
      </DrctDbtTxInf>
      <DrctDbtTxInf>
        <PmtId>
          <EndToEndId>ID168D20190502T154442</EndToEndId>
        </PmtId>
        <InstdAmt Ccy="EUR">5.00</InstdAmt>
        <DrctDbtTx>
          <MndtRltdInf>
            <MndtId>45</MndtId>
            <DtOfSgntr>2019-03-26</DtOfSgntr>
            <AmdmntInd>false</AmdmntInd>
          </MndtRltdInf>
        </DrctDbtTx>
        <DbtrAgt>
          <FinInstnId>
            <BIC>SPKHDE2HXXX</BIC>
          </FinInstnId>
        </DbtrAgt>
        <Dbtr>
          <Nm>Stefanie Lüthje</Nm>
        </Dbtr>
        <DbtrAcct>
          <Id>
            <IBAN>DE79250501801910537063</IBAN>
          </Id>
        </DbtrAcct>
        <RmtInf>
          <Ustrd>Förderbeitrag Mai</Ustrd>
        </RmtInf>
      </DrctDbtTxInf>
      <DrctDbtTxInf>
        <PmtId>
          <EndToEndId>ID169D20190502T154442</EndToEndId>
        </PmtId>
        <InstdAmt Ccy="EUR">30.00</InstdAmt>
        <DrctDbtTx>
          <MndtRltdInf>
            <MndtId>46</MndtId>
            <DtOfSgntr>2019-03-27</DtOfSgntr>
            <AmdmntInd>false</AmdmntInd>
          </MndtRltdInf>
        </DrctDbtTx>
        <DbtrAgt>
          <FinInstnId>
            <BIC>SPKHDE2HXXX</BIC>
          </FinInstnId>
        </DbtrAgt>
        <Dbtr>
          <Nm>Silke Söth</Nm>
        </Dbtr>
        <DbtrAcct>
          <Id>
            <IBAN>DE26250501800033844194</IBAN>
          </Id>
        </DbtrAcct>
        <RmtInf>
          <Ustrd>Förderbeitrag Mai</Ustrd>
        </RmtInf>
      </DrctDbtTxInf>
      <DrctDbtTxInf>
        <PmtId>
          <EndToEndId>ID170D20190502T154442</EndToEndId>
        </PmtId>
        <InstdAmt Ccy="EUR">10.00</InstdAmt>
        <DrctDbtTx>
          <MndtRltdInf>
            <MndtId>47</MndtId>
            <DtOfSgntr>2019-03-30</DtOfSgntr>
            <AmdmntInd>false</AmdmntInd>
          </MndtRltdInf>
        </DrctDbtTx>
        <DbtrAgt>
          <FinInstnId>
            <BIC>COBADEHD055</BIC>
          </FinInstnId>
        </DbtrAgt>
        <Dbtr>
          <Nm>Patrick Sontag</Nm>
        </Dbtr>
        <DbtrAcct>
          <Id>
            <IBAN>DE50200411550582569000</IBAN>
          </Id>
        </DbtrAcct>
        <RmtInf>
          <Ustrd>Förderbeitrag Mai</Ustrd>
        </RmtInf>
      </DrctDbtTxInf>
      <DrctDbtTxInf>
        <PmtId>
          <EndToEndId>ID171D20190502T154442</EndToEndId>
        </PmtId>
        <InstdAmt Ccy="EUR">10.00</InstdAmt>
        <DrctDbtTx>
          <MndtRltdInf>
            <MndtId>48</MndtId>
            <DtOfSgntr>2019-04-02</DtOfSgntr>
            <AmdmntInd>false</AmdmntInd>
          </MndtRltdInf>
        </DrctDbtTx>
        <DbtrAgt>
          <FinInstnId>
            <BIC>PBNKDEFF</BIC>
          </FinInstnId>
        </DbtrAgt>
        <Dbtr>
          <Nm>Johann Schnitzler</Nm>
        </Dbtr>
        <DbtrAcct>
          <Id>
            <IBAN>DE30200100200980478200</IBAN>
          </Id>
        </DbtrAcct>
        <RmtInf>
          <Ustrd>Förderbeitrag Mai</Ustrd>
        </RmtInf>
      </DrctDbtTxInf>
      <DrctDbtTxInf>
        <PmtId>
          <EndToEndId>ID172D20190502T154442</EndToEndId>
        </PmtId>
        <InstdAmt Ccy="EUR">10.00</InstdAmt>
        <DrctDbtTx>
          <MndtRltdInf>
            <MndtId>49</MndtId>
            <DtOfSgntr>2019-04-13</DtOfSgntr>
            <AmdmntInd>false</AmdmntInd>
          </MndtRltdInf>
        </DrctDbtTx>
        <DbtrAgt>
          <FinInstnId>
            <BIC>MLPBDE61XXX</BIC>
          </FinInstnId>
        </DbtrAgt>
        <Dbtr>
          <Nm>Christian Zachau</Nm>
        </Dbtr>
        <DbtrAcct>
          <Id>
            <IBAN>DE67672300004015528192</IBAN>
          </Id>
        </DbtrAcct>
        <RmtInf>
          <Ustrd>Förderbeitrag Mai</Ustrd>
        </RmtInf>
      </DrctDbtTxInf>
      <DrctDbtTxInf>
        <PmtId>
          <EndToEndId>ID173D20190502T154442</EndToEndId>
        </PmtId>
        <InstdAmt Ccy="EUR">5.00</InstdAmt>
        <DrctDbtTx>
          <MndtRltdInf>
            <MndtId>50</MndtId>
            <DtOfSgntr>2019-04-15</DtOfSgntr>
            <AmdmntInd>false</AmdmntInd>
          </MndtRltdInf>
        </DrctDbtTx>
        <DbtrAgt>
          <FinInstnId>
            <BIC>BUNQNL2AXXX</BIC>
          </FinInstnId>
        </DbtrAgt>
        <Dbtr>
          <Nm>Laura Bruno</Nm>
        </Dbtr>
        <DbtrAcct>
          <Id>
            <IBAN>NL08BUNQ2033445550</IBAN>
          </Id>
        </DbtrAcct>
        <RmtInf>
          <Ustrd>Förderbeitrag Mai</Ustrd>
        </RmtInf>
      </DrctDbtTxInf>
      <DrctDbtTxInf>
        <PmtId>
          <EndToEndId>ID174D20190502T154442</EndToEndId>
        </PmtId>
        <InstdAmt Ccy="EUR">333.00</InstdAmt>
        <DrctDbtTx>
          <MndtRltdInf>
            <MndtId>51</MndtId>
            <DtOfSgntr>2019-05-02</DtOfSgntr>
            <AmdmntInd>false</AmdmntInd>
          </MndtRltdInf>
        </DrctDbtTx>
        <DbtrAgt>
          <FinInstnId>
            <BIC>SPKHDE2HXXX</BIC>
          </FinInstnId>
        </DbtrAgt>
        <Dbtr>
          <Nm>Gesellschaft für außerordentliche Zusammenarbeit e.V.</Nm>
        </Dbtr>
        <DbtrAcct>
          <Id>
            <IBAN>DE37250501800910423199</IBAN>
          </Id>
        </DbtrAcct>
        <RmtInf>
          <Ustrd>Förderbeitrag Mai</Ustrd>
        </RmtInf>
      </DrctDbtTxInf>
    </PmtInf>
  </CstmrDrctDbtInitn>
</Document>
